@techreport{Barbara04,
	Institution = {Department of Computer Science, Keele University, UK},
	Author = {Kitchenham, Barbara},
	Title = {Procedures for Performing Systematic Reviews},
	Year = {2004}
}
